@electronic{rtabmap_ros,
 author   = "Mathieu Labbe",
 title     = "ROS rtabmap",
 url       = "http://wiki.ros.org/rtabmap_ros"
}